% You can generate BibTeX-style bibliography entries from e.g Google Scholar (Cite -> BibTeX)
%book{ggmanual,
%  title={EFM32GG Reference Manual},
%  author={Silicon Labs},
%  isbn={9781417642595},
%  url={http://www.silabs.com/Support\%20Documents/TechnicalDocs/efm32gg-dk3750-ug.pdf},
%  year={2013},
%  publisher={Silicon Labs}
%}

@book{ggmanual,
  title={EFM32GG Reference Manual},
  url={http://www.silabs.com/Support\%20Documents/TechnicalDocs/efm32gg-dk3750-ug.pdf},
  year={2013},
  publisher={Silicon Labs}
}


@book{rsahardware,
  title={RSA Hardware Implementation},
  url={https://files.itslearning.com/File/Download/GetFile.aspx?FileName=rsa_hardware_implementation.pdf&Path=A1NKDWlg6IvQMQQF0w\%2fNAmehuFYKpQg2g7\%2bcNTzxf7BC3z8m\%2baSYyLkP2iUcGUUB6h4Mc3deW5T4mTJ4QeVEGt3r\%2bmIc9PEgDyU\%2b49Q9eptMj4lgHnVZswP3kOYhRagb1GRTC5D1TLvm2He3vRf5nRcoZqHLB7fwvY3SlBlJXsA\%3d&MimeType=application\%2fpdf&Domain=ntnu.itslearning.com&TimeStamp=636156792549553390&Signature=Bcqf0xHAHZp\%2bkp2ght1oxJL4SqhDZ7r7ticsfZI4cnT3EJR5IFGgGfPFDdILsWC7CHqhUZnTCUw7j14x4oCyHuKLX6iQEcKOaVmhr56swLZTFCp8vPxOGRbqVZ1NRxo7DJYJN9ScloKZAhv7pvCFGvMQTikv3NuUBlKD55RXzZQ\%3d},
  author={Cetin Kaya Koc},
  year={1995},
  publisher={RSA Laboratories, RSA Data Security, Inc. 100 Marine Parkway, Suite 500 Redwood City, CA 94065-1031}
}

@book{highspeedrsa,
  title={High-Speed RSA Implementation},
  url={https://files.itslearning.com/File/Download/GetFile.aspx?FileName=high_speed_rsa_implemenation.pdf&Path=sP\%2feUKJqaJ1DYd16c\%2b60kEs5v\%2bOccf3EqKzanZ7oN\%2fcmv4lIijmNo5wBsEZ9pGmeHPin3cnP\%2bfJcXDcsJ8iH8uLewLe4ny5qMcbBPGHYGLq2oF3Qr\%2fFlVvn0Ugh8VkHhqKoY1L0qcasUqB9PvYPGiKba7o\%2bgr4jA481auLgLPgE\%3d&MimeType=application\%2fpdf&Domain=ntnu.itslearning.com&TimeStamp=636156836162824354&Signature=Bp9I8G7S1LS\%2f\%2bwxHyD6vWiNQ3NPuw8SywqmEDxfkFHqkpqBYLHm0vRn4F2qDsbHhOQkaVchtIwvd1gVyAlArN4pONmooI3d4gZrDXHp0cTYh7F6BnW\%2bZK4yxeNV3DJRH07ZH1unDmTy4lILOVkxn2xMU27LW5mOznPtYS04x6ZA\%3d},
  author={Cetin Kaya Koc},
  year={1994},
  publisher={RSA Laboratories, RSA Data Security, Inc. 100 Marine Parkway, Suite 500 Redwood City, CA 94065-1031}
}

@book{pedroni,
  title={Circuit Design and Simulation with VHDL, 2nd ed},
  author={Volnei A. Pedroni},
  year={2010},
  publisher={Massachusetts Institute of Technology}
}

@book{mealy,
  title={Mealy state machine (presentation)},
  url={http://www.ee.cuhk.edu.hk/~qzhao/ELE2120_files/ELE2120_tuto11_(FSM)_additional.pdf},
  author={Qian Zhao},
  year={2009},
  publisher={The Chinese University of Hong Kong}
}
